<?xml version="1.0" encoding="UTF-8"?><collection xmlns="http://www.loc.gov/MARC21/slim"><record><leader>00482nam--2200133-i-4500</leader><controlfield tag="001">000046497</controlfield><controlfield tag="002">20161230</controlfield><controlfield tag="005">20161230201046</controlfield><controlfield tag="008">060222s1000------------r-----000-0-eng-d</controlfield><datafield ind1=" " ind2=" " tag="080"><subfield code="a">69.057:541.64</subfield></datafield><datafield ind1=" " ind2=" " tag="245"><subfield code="a">Utilizarea in constructii a elementelor si produselor din polimeri, inlocuitoare de materiale traditionale. sinteza documentara elaborata de gh.polizu</subfield></datafield><datafield ind1=" " ind2=" " tag="260"><subfield code="a">Bucuresti, Centr.De Doc.Pt.Constr., Arhit.Si Sist., 1971, 44p</subfield></datafield><datafield ind1=" " ind2=" " tag="490"><subfield code="a">Sinteza Documentara</subfield></datafield><datafield ind1=" " ind2=" " tag="852"><subfield code="a">37805</subfield></datafield></record></collection>